@article{comet-first-paper,
author = {Eng, Jimmy K. and McCormack, Ashley L. and Yates, John R.},
title = {An approach to correlate tandem mass spectral data of peptides with amino acid sequences in a protein database},
journal = {Journal of the American Society for Mass Spectrometry},
volume = {5},
number = {11},
pages = {976-989},
year = {1994},
doi = {10.1016/1044-0305(94)80016-2},
    note ={PMID: 24226387},
URL = { 
        https://doi.org/10.1016/1044-0305(94)80016-2
},
eprint = {   
        https://doi.org/10.1016/1044-0305(94)80016-2
}
}

@article{comet-search-tool,
author = {Eng, Jimmy K. and Jahan, Tahmina A. and Hoopmann, Michael R.},
title = {Comet: An open-source MS/MS sequence database search tool},
journal = {PROTEOMICS},
volume = {13},
number = {1},
pages = {22-24},
keywords = {Bioinformatics, Identification, Peptide, Protein, MS},
doi = {https://doi.org/10.1002/pmic.201200439},
url = {https://analyticalsciencejournals.onlinelibrary.wiley.com/doi/abs/10.1002/pmic.201200439},
eprint = {https://analyticalsciencejournals.onlinelibrary.wiley.com/doi/pdf/10.1002/pmic.201200439},
year = {2013}
}

@article{deeper-look-into-comet,
author = {Eng, Jimmy K. and Hoopmann, Michael R. and Jahan, Tahmina A. and Egertson, Jarrett D. and Noble, William S. and MacCoss, Michael J.},
title = {A Deeper Look into Comet—Implementation and Features},
journal = {Journal of the American Society for Mass Spectrometry},
volume = {26},
number = {11},
pages = {1865-1874},
year = {2015},
doi = {10.1007/s13361-015-1179-x},
    note ={PMID: 26115965},
URL = { 
        https://doi.org/10.1007/s13361-015-1179-x
},
eprint = { 
        https://doi.org/10.1007/s13361-015-1179-x
}
}


@article{pyteomics,
author = {Goloborodko, Anton A. and Levitsky, Lev I. and Ivanov, Mark V. and Gorshkov, Mikhail V.},
title = {Pyteomics—a Python Framework for Exploratory Data Analysis and Rapid Software Prototyping in Proteomics},
journal = {Journal of the American Society for Mass Spectrometry},
volume = {24},
number = {2},
pages = {301-304},
year = {2013},
doi = {10.1007/s13361-012-0516-6},
    note ={PMID: 23292976},
URL = { 
        https://doi.org/10.1007/s13361-012-0516-6
},
eprint = { 
        https://doi.org/10.1007/s13361-012-0516-6
}
}

@article{pyteomics-five-years,
author = {Levitsky, Lev I. and Klein, Joshua A. and Ivanov, Mark V. and Gorshkov, Mikhail V.},
title = {Pyteomics 4.0: Five Years of Development of a Python Proteomics Framework},
journal = {Journal of Proteome Research},
volume = {18},
number = {2},
pages = {709-714},
year = {2019},
doi = {10.1021/acs.jproteome.8b00717},
note ={PMID: 30576148},
}

@article{ms2pip,
    author = {Declercq, Arthur and Bouwmeester, Robbin and Chiva, Cristina and Sabidó, Eduard and Hirschler, Aurélie and Carapito, Christine and Martens, Lennart and Degroeve, Sven and Gabriels, Ralf},
    title = {Updated MS²PIP web server supports cutting-edge proteomics applications},
    journal = {Nucleic Acids Research},
    volume = {51},
    number = {W1},
    pages = {W338-W342},
    year = {2023},
    month = {05},
},
    issn = {0305-1048},
    doi = {10.1093/nar/gkad335},
    url = {https://doi.org/10.1093/nar/gkad335},
    eprint = {https://academic.oup.com/nar/article-pdf/51/W1/W338/50736481/gkad335.pdf},
}


